@article{PIMENTEL2016744,
	title = {Sharp Hessian integrability estimates for nonlinear elliptic equations: An asymptotic approach},
	journal = {Journal de Mathématiques Pures et Appliquées},
	volume = {106},
	number = {4},
	pages = {744-767},
	year = {2016},
	issn = {0021-7824},
	doi = {https://doi.org/10.1016/j.matpur.2016.03.010},
	url = {https://www.sciencedirect.com/science/article/pii/S0021782416300101},
	author = {Edgard A. Pimentel and Eduardo V. Teixeira},
	keywords = {Fully nonlinear elliptic equations, Regularity theory, A priori  estimates},
%	abstract = {We establish sharp W2,p regularity estimates for viscosity solutions of fully nonlinear elliptic equations under minimal, asymptotic assumptions on the governing operator F. By means of geometric tangential methods, we show that if the recession of the operator F – formally given by F⁎(M):=∞−1F(∞M) – is convex, then any viscosity solution to the original equation F(D2u)=f(x) is locally of class W2,p, provided f∈Lp, p>d, with appropriate universal estimates. Our result extends to operators with variable coefficients and in this setting they are new even under convexity of the frozen coefficient operator, M↦F(x0,M), as oscillation is measured only at the recession level. The methods further yield BMO regularity of the Hessian, provided the source lies in that space. As a final application, we establish the density of W2,p solutions within the class of all continuous viscosity solutions, for generic fully nonlinear operators F. This result gives an alternative tool for treating common issues often faced in the theory of viscosity solutions.
%	Résumé
%	Dans cet article on établit la régularité W2,p des solutions de viscosité des équations elliptiques complètement nonlinéaires. On utilise une méthode géométrique tangentielle, qui est basée sur la notion de fonction de recession d'un opérateur arbitraire F – formellement donnée par F⁎(M):=∞−1F(∞M). De plus, on examine le problème de l'opérateur avec coefficients variables, et on étudie la régularité des solutions dans l'espace BMO. La dernière partie traite d'un résultat concernant la densité des solutions W2,p dans la classe des solutions de viscosité continue.}
}

@article{da_S_Bessa_2023,
	doi = {10.1016/j.jde.2023.05.006},
	
	url = {https://doi.org/10.1016%2Fj.jde.2023.05.006},
	
	year = 2023,
	month = {sep},
	
	publisher = {Elsevier {BV}
	},
	
	volume = {367},
	
	pages = {451--493},
	
	author = {Junior da S. Bessa and Jo{\~{a}}o Vitor da Silva and Maria N.B. Frederico and Gleydson C. Ricarte},
	
	title = {Sharp Hessian estimates for fully nonlinear elliptic equations under relaxed convexity assumptions, oblique boundary conditions and applications},
	
	journal = {Journal of Differential Equations}
}

@article{navarro_sánchez_2020, title={Sharp estimates of semistable radial solutions of k-Hessian equations}, volume={150}, DOI={10.1017/prm.2019.14}, number={4}, journal={Proceedings of the Royal Society of Edinburgh Section A: Mathematics}, publisher={Royal Society of Edinburgh Scotland Foundation}, author={Navarro, Miguel Angel and Sánchez, Justino}, year={2020}, pages={2083–2115}}
